@ARTICLE{136783,  author={Rohrer, R.A.},  journal={IEEE Circuits and Devices Magazine},   title={Circuit simulation-the early years},   year={1992},  volume={8},  number={3},  pages={32-37},  doi={10.1109/101.136783}}

@ARTICLE{1050166,  author={Nagel, L. and Rohrer, R.},  journal={IEEE Journal of Solid-State Circuits},   title={Computer analysis of nonlinear circuits, excluding radiation (CANCER)},   year={1971},  volume={6},  number={4},  pages={166-182},  doi={10.1109/JSSC.1971.1050166}}

@INPROCEEDINGS{171136,  author={Vladimirescu, A.},  booktitle={Proceedings on Bipolar Circuits and Technology Meeting},   title={SPICE-the third decade},   year={1990},  volume={},  number={},  pages={96-101},  doi={10.1109/BIPOL.1990.171136}}

@ARTICLE{1050153,  author={McCalla, W.J. and Howard, W.G.},  journal={IEEE Journal of Solid-State Circuits},   title={BIAS-3-A program for the nonlinear D.C. analysis of bipolar transistor circuits},   year={1971},  volume={6},  number={1},  pages={14-19},  doi={10.1109/JSSC.1971.1050153}}

@ARTICLE{1050168,  author={Idleman, T.E. and Jenkins, F.S. and McCalla, W.J. and Pederson, D.O.},  journal={IEEE Journal of Solid-State Circuits},   title={SLIC-a simulator for linear integrated circuits},   year={1971},  volume={6},  number={4},  pages={188-203},  doi={10.1109/JSSC.1971.1050168}}

@INPROCEEDINGS{TRAC, author={E. D. Johnson}, booktitle={Autonetics Div., North American Rockwell Corp., Tech. Rep., Harry Diamond Labs.}, year={June 1968}}

@INPROCEEDINGS{SPICE2, author={L. W. Nagel}, booktitle={Electronics Research Laboratory Rep. No. ERL-M520, University of California, Berkeley}, year={1975}}

@ARTICLE{Gummel,  author={H. K. Gummel and H. C. Poon},  journal={Bell System Tech. Journal},   title={An Integral Charge-Control Model of Bipolar Transistors},   year={1970},  volume={49}}

@ARTICLE{1049902,  author={Shichman, H. and Hodges, D.A.},  journal={IEEE Journal of Solid-State Circuits},   title={Modeling and simulation of insulated-gate field-effect transistor switching circuits},   year={1968},  volume={3},  number={3},  pages={285-289},  doi={10.1109/JSSC.1968.1049902}}

@ARTICLE{Memo,  author={T. L. Quarles},  journal={Memo. UCB/ERL M89/42},   title={Analysis of Performance and Convergence Issues for Circuit Simulation}}

@ARTICLE{SPICE3, title={SPICE Version 3F User's Guide}}