@book{RCG1990,
  title     = {RCG Research's Successfully Simulating Circuits with SPICE Traning Class},
  year      = {1990},
  publisher = {SPICE Intermediate, Nonconvergence section,}
}

@book{Vlach1983,
  title     = {Computer Methods for Circuit Analysis and Design},
  author    = {J. Vlach, and K. Singhal},
  year      = {1983},
  publisher = {Van Nostrand Reinhold},
  isbn = {0-442-28108-0}
}