@book{chap6-1,
  title     = {SPICE Version 2G.6 User's Guide}
}

@ARTICLE{chap6-2,  author={L. W. Nagel},  journal={University of California, Berkeley, Electronics Research Laboratory Rep. No. ERL-M520},   title={SPICE2: A Computer Program to Simulate Semiconductor Circuits},   year={1975}}