@book{Vlach1983,
  title     = {Computer Methods for Circuit Analysis and Design},
  author    = {J. Vlach, K. Singhal},
  year      = {1983},
  publisher = {Van Nostrand Reinhold},
  isbn = {0-442-28108-0}
}

@book{Hayt1978,
  title     = {Engineering Circuit Analysis},
  author    = {W. Hayt, J. Kemmerly},
  year      = {1978},
  publisher = {McGraw-Hill},
  isbn = {0-07-027393-6}
}