@ARTICLE{chap5-1,  author={L. W. Nagel},  journal={University of California, Berkeley, Electronics Research Laboratory Rep. No. ERL-M520},   title={SPICE2: A Computer Program to Simulate Semiconductor Circuits},   year={1975}}

@book{chap5-2,
  title     = {SPICE Version 2G.6 User's Guide}
}